<record><leader>00000cas a22000007a 4500</leader><controlfield tag="001">12688595</controlfield><controlfield tag="008">851018d1880188uwiuwr ne      0    0eng d</controlfield><datafield ind1=" " ind2=" " tag="010"><subfield code="a">sn 85041255 </subfield></datafield><datafield ind1=" " ind2=" " tag="040"><subfield code="a">NPV</subfield><subfield code="b">eng</subfield><subfield code="c">NPV</subfield><subfield code="d">OCLCQ</subfield></datafield><datafield ind1=" " ind2=" " tag="042"><subfield code="a">msc</subfield></datafield><datafield ind1=" " ind2=" " tag="045"><subfield code="a">w8w8</subfield></datafield><datafield ind1=" " ind2=" " tag="052"><subfield code="a">4123</subfield><subfield code="b">R6</subfield></datafield><datafield ind1="0" ind2=" " tag="130"><subfield code="a">Weekly herald (Clinton, Wis.)</subfield></datafield><datafield ind1="1" ind2="0" tag="245"><subfield code="a">Weekly herald.</subfield></datafield><datafield ind1=" " ind2=" " tag="260"><subfield code="a">Clinton, Wis. :</subfield><subfield code="b">S. Bowers,</subfield><subfield code="c">1880-</subfield></datafield><datafield ind1=" " ind2=" " tag="300"><subfield code="a">v.</subfield></datafield><datafield ind1=" " ind2=" " tag="310"><subfield code="a">Weekly</subfield></datafield><datafield ind1="0" ind2=" " tag="362"><subfield code="a">Vol. 6, no. 40 (Oct. 1, 1880)-</subfield></datafield><datafield ind1=" " ind2=" " tag="500"><subfield code="a">Editors: S. Bowers, Oct. 1, 1880-Nov. 9, 1881; C.C. Marston, Nov. 16-Nov 23, 1881.</subfield></datafield><datafield ind1=" " ind2=" " tag="530"><subfield code="a">Available on microfilm from the State Historical Society of Wisconsin.</subfield></datafield><datafield ind1=" " ind2=" " tag="752"><subfield code="a">United States</subfield><subfield code="b">Wisconsin</subfield><subfield code="c">Rock</subfield><subfield code="d">Clinton.</subfield></datafield><datafield ind1="0" ind2="0" tag="780"><subfield code="t">Rock County republican (Clinton, Wis.)</subfield><subfield code="w">(DLC)sn 85041254</subfield></datafield><datafield ind1="0" ind2="0" tag="785"><subfield code="t">Clinton herald (Clinton, Wis.)</subfield><subfield code="w">(DLC)sn 85041256</subfield></datafield><datafield ind1="1" ind2=" " tag="029"><subfield code="a">AU@</subfield><subfield code="b">000025812332</subfield></datafield></record>